@book{key,
  title={Gravity: An Introduction to Einstein's General Relativity},
  author={Hartle, J.B.},
  isbn={9780805386622},
  lccn={2002151118},
  url={https://books.google.com/books?id=ZHgpAQAAMAAJ},
  year={2003},
  publisher={Addison-Wesley}
}
