 @misc{ wiki:xxx,
   author = "Wikipedia",
   title = "Gravitational microlensing --- Wikipedia{,} The Free Encyclopedia",
   year = "2016",
   url = "\url{https://en.wikipedia.org/w/index.php?title=Gravitational_microlensing&oldid=712057068}",
   note = "[Online; accessed 20-April-2016]"
 }
