@book{schneider2006gravitational,
  title={Gravitational Lensing: Strong, Weak and Micro: Saas-Fee Advanced Course 33},
  author={Schneider, P. and Meylan, G. and Kochanek, C. and Jetzer, P. and North, P. and Wambsganss, J.},
  isbn={9783540303107},
  series={Saas-Fee Advanced Course},
  url={https://books.google.com/books?id=AF8-ErlCb94C},
  year={2006},
  publisher={Springer Berlin Heidelberg}
}
