@book{weinberg1972gravitation,
  title={Gravitation and cosmology: principles and applications of the general theory of relativity},
  author={Weinberg, S.},
  isbn={9780471925675},
  lccn={78037175},
  url={https://books.google.com/books?id=QuGgmQEACAAJ},
  year={1972},
  publisher={Wiley}
}
