% Encoding: UTF-8

@Misc{soldner04,
  author = {A. Abdo},
  title  = {The first written account of the deflection of light by gravity appeared in the article “On The Deflection Of Light Ray From Its Straight Motion Due To The Attraction Of A World Body Which It Passes Closely, ” by Johann},
}

@Article{zwicky_37,
  author    = {Zwicky, F.},
  title     = {Nebulae as Gravitational Lenses},
  journal   = {Phys. Rev.},
  year      = {1937},
  volume    = {51},
  pages     = {290--290},
  month     = {Feb},
  doi       = {10.1103/PhysRev.51.290},
  issue     = {4},
  numpages  = {0},
  publisher = {American Physical Society},
  url       = {https://link.aps.org/doi/10.1103/PhysRev.51.290},
}

@Misc{wiki:xxx,
  author = {Wikisource},
  title  = {Translation:On the Deflection of a Light Ray from its Rectilinear Motion --- Wikisource{,}},
  year   = {2013},
  note   = {[Online; accessed 4-May-2017]},
  url    = {https://en.wikisource.org/w/index.php?title=Translation:On_the_Deflection_of_a_Light_Ray_from_its_Rectilinear_Motion&oldid=4557543},
}

@Comment{jabref-meta: databaseType:bibtex;}
