%% LaTeX2e file `clickable_citation.bib'
%% generated by the `filecontents' environment
%% from source `clickable_citation' on 2017/06/08.
%%
@misc{A01,
  author = {Author, A.},
  year = {2001},
  title = {Alpha},
  url = {http://tex.stackexchange.com/questions/4420/best-way-to-start-using-latex-tex},
}
