% Encoding: UTF-8
@article{silk_cintio_dvorkin13,
	author         = "Silk, Joseph and Di Cintio, Arianna and Dvorkin, Irina",
	title          = "{Galaxy formation}",
	booktitle      = "{Proceedings, International School of Physics 'Enrico
	Fermi': New Horizons for Observational Cosmology: Rome,
	Italy, June 30-July 6, 2013}",
	journal        = "Proc. Int. Sch. Phys. Fermi",
	volume         = "186",
	year           = "2014",
	pages          = "137-187",
	doi            = "10.3254/978-1-61499-476-3-137,
	10.1093/acprof:oso/9780198728856.003.0009",
	note           = "[,407(2015)]",
	eprint         = "1312.0107",
	archivePrefix  = "arXiv",
	primaryClass   = "astro-ph.CO",
	SLACcitation   = "%%CITATION = ARXIV:1312.0107;%%"
}
@article{fabian12,
	author = {{Fabian}, A.~C.},
	title = "{Observational Evidence of Active Galactic Nuclei Feedback}",
	journal = {Annual Review of Astronomy and Astrophysics},
	archivePrefix = "arXiv",
	eprint = {1204.4114},
	year = 2012,
	month = sep,
	volume = 50,
	pages = {455-489},
	doi = {10.1146/annurev-astro-081811-125521},
	 adsurl = {http://adsabs.harvard.edu/abs/2012ARA%26A..50..455F},
	adsnote = {Provided by the SAO/NASA Astrophysics Data System}
}

@ARTICLE{ish_fab12,
	author = {{Ishibashi}, W. and {Fabian}, A.~C.},
	title = "{Active galactic nucleus feedback and triggering of star formation in galaxies}",
	journal = {mnras},
	archivePrefix = "arXiv",
	eprint = {1209.1480},
	keywords = {black hole physics, stars: formation, galaxies: active, galaxies: evolution},
	year = 2012,
	month = dec,
	volume = 427,
	pages = {2998-3005},
	doi = {10.1111/j.1365-2966.2012.22074.x},
	adsurl = {http://adsabs.harvard.edu/abs/2012MNRAS.427.2998I},
	adsnote = {Provided by the SAO/NASA Astrophysics Data System}
}

@Misc{becerra,
  author       = {Becerra, Fernando},
  title        = {{Active Galactic Nuclei Feedback}},
  howpublished = {\url{https://www.cfa.harvard.edu/~fbecerra/files/Ay202b_TermPaper.pdf}},
  note         = {Astronomy 202b Term Paper},
  journal      = {{Harvard-Smithsonian Center for Astrophysics, Harvard University, Cambridge, MA 02138, USA}},
  url          = {https://www.cfa.harvard.edu/~fbecerra/files/Ay202b_TermPaper.pdf},
}

@Misc{king_pounds15,
  author       = {{King}, A. and {Pounds}, K.},
  title        = {{Powerful Outflows and Feedback from Active Galactic Nuclei}},
  howpublished = {\url{http://www.annualreviews.org/doi/abs/10.1146/annurev-astro-082214-122316}},
  doi          = {10.1146/annurev-astro-082214-122316},
  journal      = {{Annual Review of Astronomy and Astrophysics}},
  url          = {https://arxiv.org/pdf/1503.05206.pdf},
  volume       = {53:115-154},
}

@Article{booth13,
  author        = {Booth, C. M. and Schaye, Joop},
  title         = {The interaction between feedback from active galactic nuclei and supernovae},
  journal       = {Scientific Reports},
  year          = {2013},
  volume        = {3},
  pages         = {1738 EP -},
  month         = {05},
  bdsk-url-1    = {http://dx.doi.org/10.1038/srep01738},
  date          = {2013/05/15/online},
  date-added    = {2017-03-22 22:34:33 +0000},
  date-modified = {2017-03-22 22:34:33 +0000},
  day           = {15},
  doi           = {10.1038/srep01738},
  l3            = {10.1038/srep01738; },
  m3            = {Article},
  publisher     = {The Author(s) SN -},
  ty            = {JOUR},
  url           = {http://dx.doi.org/10.1038/srep01738},
}

@BOOK{car_ost06, 
	title={An Introduction to Modern Galactic Astrophysics and Cosmology},
	author={Bradley W. Carroll and Dale A. Ostlie},
	publisher={Addison Wesley Longman},
	year={2006},
	month={11},
	edition={2},
	isbn={9780805303476},
	url={http://amazon.com/o/ASIN/0805303472/},
	price={$141.00},
	totalpages={769},
	timestamp={2017.03.30},
}

@BOOK{sch_arny06, 
	title={Pathways to Astronomy},
	author={Stephen Schneider and Thomas T. Arny},
	publisher={McGraw-Hill Science/Engineering/Math},
	year={2006},
	month={7},
	edition={1},
	isbn={9780073301730},
	url={http://amazon.com/o/ASIN/0073301736/},
	totalpages={784},
	timestamp={2017.03.30},
}

@ARTICLE{ho08,
	author = {{Ho}, L.~C.},
	title = "{Nuclear Activity in Nearby Galaxies}",
	journal = {araa},
	archivePrefix = "arXiv",
	eprint = {0803.2268},
	year = 2008,
	month = sep,
	volume = 46,
	pages = {475-539},
	doi = {10.1146/annurev.astro.45.051806.110546},
	adsurl = {http://adsabs.harvard.edu/abs/2008ARA%26A..46..475H},
	adsnote = {Provided by the SAO/NASA Astrophysics Data System}
}

@ARTICLE{king03,
	author = {{King}, A.},
	title = "{Black Holes, Galaxy Formation, and the M$_{BH}$-{$\sigma$} Relation}",
	journal = {apjl},
	eprint = {astro-ph/0308342},
	keywords = {Accretion, Accretion Disks, Black Hole Physics, Galaxies: Formation, Galaxies: Nuclei, Galaxies: Quasars: General},
	year = 2003,
	month = oct,
	volume = 596,
	pages = {L27-L29},
	doi = {10.1086/379143},
	adsurl = {http://adsabs.harvard.edu/abs/2003ApJ...596L..27K},
	adsnote = {Provided by the SAO/NASA Astrophysics Data System}
}

@Article{silk_rees98,
  author   = {{Silk}, J. and {Rees}, M.~J.},
  title    = {{Quasars and galaxy formation}},
  journal  = {aap},
  year     = {1998},
  volume   = {331},
  pages    = {L1-L4},
  month    = mar,
  adsnote  = {Provided by the SAO/NASA Astrophysics Data System},
  adsurl   = {http://adsabs.harvard.edu/abs/1998A%26A...331L...1S},
  doi      = {10.1007/978-3-642-77566-6_147},
  eprint   = {astro-ph/9801013},
  keywords = {GALAXY FORMATION: SUPERMASSIVE BLACK HOLES, QUASARS: OUTFLOWS},
  url      = {https://arxiv.org/abs/astro-ph/9801013},
}

@Book{hartle03_grav,
  title     = {Gravity: An Introduction to Einstein's General Relativity},
  publisher = {Addison-Wesley},
  year      = {2003},
  author    = {Hartle, J.B.},
  isbn      = {9780805386622},
  doi       = {10.1119/1.1604390},
  lccn      = {2002151118},
  url       = {https://books.google.com/books?id=ZHgpAQAAMAAJ},
}

@Book{abr_ste64,
  title     = {Handbook of Mathematical Functions with Formulas, Graphs, and Mathematical Tables},
  publisher = {Dover},
  year      = {1964},
  author    = {Milton {Abramowitz} and Irene A. {Stegun}},
  address   = {New York},
  edition   = {ninth Dover printing, tenth GPO printing},
  doi       = {10.2307/2004284},
  url       = {https://www.amazon.com/Handbook-Mathematical-Functions-Formulas-Mathematics-ebook/dp/B00CB2MLIE/ref=dp_kinw_strp_1},
}

@Book{sp_gal_07,
  title     = {Galaxies in the Universe: An Introduction},
  publisher = {Cambridge University Press},
  year      = {2007},
  author    = {Linda S. Sparke and John S. Gallagher III},
  doi       = {10.1017/cbo9780511807237},
  url       = {https://books.google.com/books/about/Galaxies_in_the_Universe.html?id=N8Hngab5liQC},
}

@Comment{jabref-meta: databaseType:bibtex;}
