@article{silk_cintio_dvorkin13,
	author         = "Silk, Joseph and Di Cintio, Arianna and Dvorkin, Irina",
	title          = "{Galaxy formation}",
	booktitle      = "{Proceedings, International School of Physics 'Enrico
	Fermi': New Horizons for Observational Cosmology: Rome,
	Italy, June 30-July 6, 2013}",
	journal        = "Proc. Int. Sch. Phys. Fermi",
	volume         = "186",
	year           = "2014",
	pages          = "137-187",
	doi            = "10.3254/978-1-61499-476-3-137,
	10.1093/acprof:oso/9780198728856.003.0009",
	note           = "[,407(2015)]",
	eprint         = "1312.0107",
	archivePrefix  = "arXiv",
	primaryClass   = "astro-ph.CO",
	SLACcitation   = "%%CITATION = ARXIV:1312.0107;%%"
}
@article{fabian12,
	author = {{Fabian}, A.~C.},
	title = "{Observational Evidence of Active Galactic Nuclei Feedback}",
	journal = {Annual Review of Astronomy and Astrophysics},
	archivePrefix = "arXiv",
	eprint = {1204.4114},
	year = 2012,
	month = sep,
	volume = 50,
	pages = {455-489},
	doi = {10.1146/annurev-astro-081811-125521},
	 adsurl = {http://adsabs.harvard.edu/abs/2012ARA%26A..50..455F},
	adsnote = {Provided by the SAO/NASA Astrophysics Data System}
}

@ARTICLE{ish_fab12,
	author = {{Ishibashi}, W. and {Fabian}, A.~C.},
	title = "{Active galactic nucleus feedback and triggering of star formation in galaxies}",
	journal = {mnras},
	archivePrefix = "arXiv",
	eprint = {1209.1480},
	keywords = {black hole physics, stars: formation, galaxies: active, galaxies: evolution},
	year = 2012,
	month = dec,
	volume = 427,
	pages = {2998-3005},
	doi = {10.1111/j.1365-2966.2012.22074.x},
	adsurl = {http://adsabs.harvard.edu/abs/2012MNRAS.427.2998I},
	adsnote = {Provided by the SAO/NASA Astrophysics Data System}
}
@misc{becerra,
	author = {Becerra, Fernando},
	title = "{Active Galactic Nuclei Feedback}",
	journal="{Harvard-Smithsonian Center for Astrophysics, Harvard University, Cambridge, MA 02138, USA}",
	note="Astronomy 202b Term Paper",
	howpublished={\url{https://www.cfa.harvard.edu/~fbecerra/files/Ay202b_TermPaper.pdf}}
}
@misc{king_pounds15,
	author = {{King}, A. and {Pounds}, K.},
	title = "{Powerful Outflows and Feedback from Active Galactic Nuclei}",
	journal="{Annual Review of Astronomy and Astrophysics}",
	Volume = {53:115-154},
	howpublished={\url{http://www.annualreviews.org/doi/abs/10.1146/annurev-astro-082214-122316}}
}
@article{booth13,
	Author = {Booth, C. M. and Schaye, Joop},
	Date = {2013/05/15/online},
	Date-Added = {2017-03-22 22:34:33 +0000},
	Date-Modified = {2017-03-22 22:34:33 +0000},
	Day = {15},
	Journal = {Scientific Reports},
	L3 = {10.1038/srep01738; },
	M3 = {Article},
	Month = {05},
	Pages = {1738 EP  -},
	Publisher = {The Author(s) SN  -},
	Title = {The interaction between feedback from active galactic nuclei and supernovae},
	Ty = {JOUR},
	Url = {http://dx.doi.org/10.1038/srep01738},
	Volume = {3},
	Year = {2013},
	Bdsk-Url-1 = {http://dx.doi.org/10.1038/srep01738}}

@Book{sp_gal07,
	title     = {Galaxies in the Universe: An Introduction},
	edition={Second},
	publisher = {Cambridge University Press},
	year      = {2007},
	author    = {Linda S. Sparke and John S. Gallagher III},
}

@BOOK{car_ost06, 
	title={An Introduction to Modern Galactic Astrophysics and Cosmology},
	author={Bradley W. Carroll and Dale A. Ostlie},
	publisher={Addison Wesley Longman},
	year={2006},
	month={11},
	edition={2},
	isbn={9780805303476},
	url={http://amazon.com/o/ASIN/0805303472/},
	price={$141.00},
	totalpages={769},
	timestamp={2017.03.30},
}

@BOOK{sch_arny06, 
	title={Pathways to Astronomy},
	author={Stephen Schneider and Thomas T. Arny},
	publisher={McGraw-Hill Science/Engineering/Math},
	year={2006},
	month={7},
	edition={1},
	isbn={9780073301730},
	url={http://amazon.com/o/ASIN/0073301736/},
	totalpages={784},
	timestamp={2017.03.30},
}

@ARTICLE{ho08,
	author = {{Ho}, L.~C.},
	title = "{Nuclear Activity in Nearby Galaxies}",
	journal = {araa},
	archivePrefix = "arXiv",
	eprint = {0803.2268},
	year = 2008,
	month = sep,
	volume = 46,
	pages = {475-539},
	doi = {10.1146/annurev.astro.45.051806.110546},
	adsurl = {http://adsabs.harvard.edu/abs/2008ARA%26A..46..475H},
	adsnote = {Provided by the SAO/NASA Astrophysics Data System}
}

@ARTICLE{king03,
	author = {{King}, A.},
	title = "{Black Holes, Galaxy Formation, and the M$_{BH}$-{$\sigma$} Relation}",
	journal = {apjl},
	eprint = {astro-ph/0308342},
	keywords = {Accretion, Accretion Disks, Black Hole Physics, Galaxies: Formation, Galaxies: Nuclei, Galaxies: Quasars: General},
	year = 2003,
	month = oct,
	volume = 596,
	pages = {L27-L29},
	doi = {10.1086/379143},
	adsurl = {http://adsabs.harvard.edu/abs/2003ApJ...596L..27K},
	adsnote = {Provided by the SAO/NASA Astrophysics Data System}
}

@ARTICLE{silk_rees98,
	author = {{Silk}, J. and {Rees}, M.~J.},
	title = "{Quasars and galaxy formation}",
	journal = {aap},
	eprint = {astro-ph/9801013},
	keywords = {GALAXY FORMATION: SUPERMASSIVE BLACK HOLES, QUASARS: OUTFLOWS},
	year = 1998,
	month = mar,
	volume = 331,
	pages = {L1-L4},
	adsurl = {http://adsabs.harvard.edu/abs/1998A%26A...331L...1S},
	adsnote = {Provided by the SAO/NASA Astrophysics Data System}
}