
@Book{sp_gal_07,
  title     = {Galaxies in the Universe: An Introduction},
  publisher = {Cambridge University Press},
  year      = {2007},
  author    = {Linda S. Sparke and John S. Gallagher III},
}
