@article{bib01,
    author = {Author},
    title = {Bib Item},
    booktitle = {Bib Book},
    publisher = {Foo Publishing},
    year = {2013},
    pages = {75-88}
}

@misc{becerra,
    author = {Becerra, Fernando},
    title = "{Active Galactic Nuclei Feedback}",
    journal="{Harvard-Smithsonian Center for Astrophysics, Harvard University, Cambridge, MA 02138, USA}",
    year="{2016}",
    note="Astronomy 202b Term Paper",
    howpublished={\url{https://www.cfa.harvard.edu/~fbecerra/files/Ay202b_TermPaper.pdf}}