@article{silk13,
	author         = "Silk, Joseph and Di Cintio, Arianna and Dvorkin, Irina",
	title          = "{Galaxy formation}",
	booktitle      = "{Proceedings, International School of Physics 'Enrico
	Fermi': New Horizons for Observational Cosmology: Rome,
	Italy, June 30-July 6, 2013}",
	journal        = "Proc. Int. Sch. Phys. Fermi",
	volume         = "186",
	year           = "2014",
	pages          = "137-187",
	doi            = "10.3254/978-1-61499-476-3-137,
	10.1093/acprof:oso/9780198728856.003.0009",
	note           = "[,407(2015)]",
	eprint         = "1312.0107",
	archivePrefix  = "arXiv",
	primaryClass   = "astro-ph.CO",
	SLACcitation   = "%%CITATION = ARXIV:1312.0107;%%"
}
@article{fabian12,
	author = {{Fabian}, A.~C.},
	title = "{Observational Evidence of Active Galactic Nuclei Feedback}",
%	journal = {Annual Review of Astronomy and Astrophysics},
% araa means Annual Review of Astronomy and Astrophysics
%	journal = {\araa},  % this gives problem 
% e.g.
% http://adsabs.harvard.edu/cgi-bin/bib_query?arXiv:1204.4114
	journal = {Annual Review of Astronomy and Astrophysics},
	archivePrefix = "arXiv",
	eprint = {1204.4114},
	year = 2012,
	month = sep,
	volume = 50,
	pages = {455-489},
	doi = {10.1146/annurev-astro-081811-125521},
	 adsurl = {http://adsabs.harvard.edu/abs/2012ARA%26A..50..455F},
	adsnote = {Provided by the SAO/NASA Astrophysics Data System}
}